% Encoding: UTF-8


@book{AFP,
  title={Functions of bounded variation and free discontinuity problems},
  author={Ambrosio, Luigi and Fusco, Nicola and Pallara, Diego},
  year={2000},
  publisher={Oxford University Press}
}

@book {MR897749,
    AUTHOR = {Friedrichs, Kurt Otto},
     TITLE = {Selecta. {V}ol. 1, 2},
    SERIES = {Contemporary Mathematicians},
      NOTE = {Edited and with a foreword by Cathleen S. Morawetz,
              With a biography by Constance Reid,
              With commentaries by Peter D. Lax, Tosio Kato, Fritz John,
              Wolfgang Wasow, Harold Weitzner, Louis Nirenberg and David
              Isaacson},
 PUBLISHER = {Birkh\"{a}user Boston, Inc., Boston, MA},
      YEAR = {1986},
     PAGES = {Vol. 1: 427 pp.; Vol. 2: 608},
      ISBN = {0-8176-3270-0},
   MRCLASS = {01A75},
  MRNUMBER = {897749},
MRREVIEWER = {P. Szeptycki},
}

@article {MR9701,
    AUTHOR = {Friedrichs, K. O.},
     TITLE = {The identity of weak and strong extensions of differential
              operators},
   JOURNAL = {Trans. Amer. Math. Soc.},
  FJOURNAL = {Transactions of the American Mathematical Society},
    VOLUME = {55},
      YEAR = {1944},
     PAGES = {132--151},
      ISSN = {0002-9947},
   MRCLASS = {46.3X},
  MRNUMBER = {9701},
MRREVIEWER = {A. E. Taylor},
       DOI = {10.2307/1990143},
       URL = {https://doi.org/10.2307/1990143},
}

@article{soboleff1938theoreme,
  title={Sur un th{\'e}or{\`e}me d'analyse fonctionnelle},
  author={Sobolev, Sergei},
  journal={Matematicheskii Sbornik},
  volume={46},
  number={3},
  pages={471--497},
  year={1938},
  publisher={Russian Academy of Sciences, Steklov Mathematical Institute of Russian Academy of Sciences}
}



@article {Ambrosio2001,
    AUTHOR = {Ambrosio, Luigi},
     TITLE = {Some fine properties of sets of finite perimeter in {A}hlfors
              regular metric measure spaces},
   JOURNAL = {Adv. Math.},
  FJOURNAL = {Advances in Mathematics},
    VOLUME = {159},
      YEAR = {2001},
    NUMBER = {1},
     PAGES = {51--67},
      ISSN = {0001-8708},
   MRCLASS = {31A15 (28A75 28C99 35J15)},
  MRNUMBER = {1823840},
MRREVIEWER = {Vladimir N. Dubinin},
       DOI = {10.1006/aima.2000.1963},
       URL = {http://dx.doi.org/10.1006/aima.2000.1963},
}

@article {AmbMag2003,
    AUTHOR = {Ambrosio, Luigi and Magnani, Valentino},
     TITLE = {Weak differentiability of ${BV}$ functions on stratified groups},
   JOURNAL = {Math. Z.},
  FJOURNAL = {Mathematische Zeitschrift},
    VOLUME = {245},
      YEAR = {2003},
    NUMBER = {1},
     PAGES = {123--153},
      ISSN = {0025-5874},
   MRCLASS = {43A80 (22E30 26B30 42B35 46E35)},
  MRNUMBER = {2023957},
MRREVIEWER = {Gerald B. Folland},
       URL = {https://doi.org/10.1007/s00209-003-0530-2},
}

@article {Ambrosio2002,
    AUTHOR = {Ambrosio, Luigi},
     TITLE = {Fine properties of sets of finite perimeter in doubling metric
              measure spaces},
      NOTE = {Calculus of variations, nonsmooth analysis and related topics},
   JOURNAL = {Set-Valued Anal.},
  FJOURNAL = {Set-Valued Analysis. An International Journal Devoted to the
              Theory of Multifunctions and its Applications},
    VOLUME = {10},
      YEAR = {2002},
    NUMBER = {2-3},
     PAGES = {111--128},
      ISSN = {0927-6947},
   MRCLASS = {28A12 (28A78 46E35 49Q15)},
  MRNUMBER = {1926376},
MRREVIEWER = {Richard Becker},
       DOI = {10.1023/A:1016548402502},
       URL = {http://dx.doi.org/10.1023/A:1016548402502},
}

@article{ambrosio2016bmo,
  title={${BMO}$-Type Norms Related to the Perimeter of Sets},
  author={Ambrosio, Luigi and Bourgain, Jean and Brezis, Ha{\"\i}m and Figalli, Alessio},
  journal={Communications on Pure and Applied Mathematics},
  volume={69},
  number={6},
  pages={1062--1086},
  year={2016},
  publisher={Wiley Online Library}
}

@book {Falconer,
    AUTHOR = {Falconer, Kenneth},
     TITLE = {Fractal geometry},
   EDITION = {Third},
      NOTE = {Mathematical foundations and applications},
 PUBLISHER = {John Wiley \& Sons, Ltd., Chichester},
      YEAR = {2014},
     PAGES = {xxx+368},
      ISBN = {978-1-119-94239-9},
   MRCLASS = {28-01 (11K55 28A78 28A80 37C45 37F10)},
  MRNUMBER = {3236784},
MRREVIEWER = {Manuel Mor\'{a}n},
}

@article{ambrosio2014perimeter,
  title={Perimeter of sets and ${BMO}$-type norms},
  author={Ambrosio, Luigi and Bourgain, Jean and Brezis, Ha{\"\i}m and Figalli, Alessio},
  journal={Comptes Rendus Mathematique},
  volume={352},
  number={9},
  pages={697--698},
  year={2014},
  publisher={Elsevier}
}

@article{sierpinski1915courbe,
  title={Sur une courbe dont tout point est un point de ramification},
  author={Sierpinski, Warclaw},
  journal={C. R. Acad. Sci.},
  volume={160},
  pages={302--305},
  year={1915}
}

@article{conversano2011sierpinski,
  title={Sierpinski triangles in stone, on medieval floors in {R}ome},
  author={Conversano, Elisa and Tedeschini-Lalli, Laura},
  journal={J. Appl. Math.},
  volume={4},
  pages={114--122},
  year={2011}
}

@article{steiner1838einfache,
  title={Einfache {B}eweise der isoperimetrischen {H}aupts{\"a}tze},
  author={Steiner, Jacob},
  journal={Journal f{\"u}r die reine und angewandte Mathematik},
  volume={18},
  pages={281--296},
  year={1838}
}



@article {AmbMag28Ghe,
    AUTHOR = {Ambrosio, Luigi and Ghezzi, Roberta and Magnani, Valentino},
     TITLE = {${BV}$ functions and sets of finite perimeter in
              sub-{R}iemannian manifolds},
   JOURNAL = {Ann. Inst. H. Poincar\'e Anal. Non Lin\'eaire},
  FJOURNAL = {Annales de l'Institut Henri Poincar\'e. Analyse Non
              Lin\'eaire},
    VOLUME = {32},
      YEAR = {2015},
    NUMBER = {3},
     PAGES = {489--517},
      ISSN = {0294-1449},
   MRCLASS = {53C17 (26B30 53C23)},
  MRNUMBER = {3353698},
MRREVIEWER = {Nathaniel Eldredge},
       DOI = {10.1016/j.anihpc.2014.01.005},
       URL = {http://dx.doi.org/10.1016/j.anihpc.2014.01.005},
}


@article {MR1800768,
    AUTHOR = {Ambrosio, Luigi and Kirchheim, Bernd},
     TITLE = {Rectifiable sets in metric and {B}anach spaces},
   JOURNAL = {Math. Ann.},
  FJOURNAL = {Mathematische Annalen},
    VOLUME = {318},
      YEAR = {2000},
    NUMBER = {3},
     PAGES = {527--555},
      ISSN = {0025-5831},
         MRCLASS = {28A75 (46G99 46T99 49Q20)},
  MRNUMBER = {1800768},
MRREVIEWER = {Piotr Haj\l asz},
       DOI = {10.1007/s002080000122},
       URL = {https://doi.org/10.1007/s002080000122},
}

@article {MR2005202,
    AUTHOR = {Miranda, Jr., Michele},
     TITLE = {Functions of bounded variation on ``good'' metric spaces},
   JOURNAL = {J. Math. Pures Appl. (9)},
  FJOURNAL = {Journal de Math\'{e}matiques Pures et Appliqu\'{e}es. Neuvi\`eme S\'{e}rie},
    VOLUME = {82},
      YEAR = {2003},
    NUMBER = {8},
     PAGES = {975--1004},
      ISSN = {0021-7824},
   MRCLASS = {46E15 (42B35 46E35)},
  MRNUMBER = {2005202},
MRREVIEWER = {Paolo Boggiatto},
       DOI = {10.1016/S0021-7824(03)00036-9},
       URL = {https://doi.org/10.1016/S0021-7824(03)00036-9},
}


@article {AKLD09TangSpGro,
    AUTHOR = {Ambrosio, Luigi and Kleiner, Bruce and Le Donne, Enrico},
     TITLE = {Rectifiability of sets of finite perimeter in {C}arnot groups:
              existence of a tangent hyperplane},
   JOURNAL = {J. Geom. Anal.},
  FJOURNAL = {Journal of Geometric Analysis},
    VOLUME = {19},
      YEAR = {2009},
    NUMBER = {3},
     PAGES = {509--540},
      ISSN = {1050-6926},
   MRCLASS = {28A75 (49Q15)},
  MRNUMBER = {2496564},
MRREVIEWER = {Davide Vittone},
       URL = {https://doi.org/10.1007/s12220-009-9068-9},
}

@incollection{ambrosio2018anisotropic,
  title={Anisotropic Surface Measures as Limits of Volume Fractions},
  author={Ambrosio, Luigi and Comi, Giovanni E.},
  booktitle={Current Research in Nonlinear Analysis: In Honor of Haim Brezis and Louis Nirenberg},
  pages={1--32},
  year={2018},
  publisher={Springer International Publishing}
}


@inproceedings{ACM,
  title={Traces and fine properties of a ${BD}$ class of vector fields and applications},
  author={Ambrosio, Luigi and Crippa, Gianluca and Maniglia, Stefania},
  booktitle={Annales de la {F}acult{\'e} des sciences de {T}oulouse: {M}ath{\'e}matiques},
  volume={14},
  number={4},
  pages={527--561},
  year={2005}
}

@article{ambrosio2010surface,
  author = {Ambrosio, Luigi and Figalli, Alessio},
  title = { Surface measures and convergence of the {O}rnstein-{U}hlenbeck semigroup in {W}iener spaces },
  journal = { Ann. Fac. Sci. Toulouse Math. },
  year = { 2010 },
  pages = {  },
}

@article{AMP,
  title={Special functions of bounded variation in doubling metric measure spaces},
  author={Ambrosio, Luigi and Miranda Jr., Michele and Pallara, Diego},
  journal={Calculus of variations: topics from the mathematical heritage of E. De Giorgi},
  volume={14},
  pages={1--45},
  year={2004}
}

@article{ambrosio2010locality,
  title={Locality of the perimeter in {C}arnot groups and chain rule},
  author={Ambrosio, Luigi and Scienza, Matteo},
  journal={Annali di Matematica Pura ed Applicata},
  volume={189},
  number={4},
  pages={661--678},
  year={2010},
  publisher={Springer}
}

@book{AmbrosioTilli,
  title={Selected topics on ``{A}nalysis in metric spaces''},
  author={Ambrosio, Luigi and Tilli, Paolo},
  year={2000},
  publisher={Scuola Normale Superiore}
}

@article{balogh2009sub,
  title={Sub-{R}iemannian vs. {E}uclidean dimension comparison and fractal geometry on {C}arnot groups},
  author={Balogh, Zolt{\'a}n M. and Tyson, Jeremy T. and Warhurst, Ben},
  journal={Advances in mathematics},
  volume={220},
  number={2},
  pages={560--619},
  year={2009},
  publisher={Elsevier}
}

@book{bjorn2011nonlinear,
  title={Nonlinear potential theory on metric spaces},
  author={Bj{\"o}rn, Anders and Bj{\"o}rn, Jana},
  volume={17},
  year={2011},
  publisher={European Mathematical Society}
}

@book {Bogachev,
    AUTHOR = {Bogachev, Vladimir I.},
     TITLE = {Measure theory. {V}ol. {I}, {II}},
 PUBLISHER = {Springer-Verlag, Berlin},
      YEAR = {2007},
     PAGES = {Vol. I: xviii+500 pp., Vol. II: xiv+575},
}


@book{BLU2007stratified,
    AUTHOR = {Bonfiglioli, Andrea and Lanconelli, Ermanno and Uguzzoni, Francesco},
     TITLE = {Stratified {L}ie groups and potential theory for their
              sub-{L}aplacians},
    SERIES = {Springer Monographs in Mathematics},
 PUBLISHER = {Springer, Berlin},
      YEAR = {2007},
     PAGES = {xxvi+800},
      ISBN = {978-3-540-71896-3; 3-540-71896-6},
   MRCLASS = {22E30 (31C45 35-02 35H10 43A80)},
  MRNUMBER = {2363343},
MRREVIEWER = {Maria Stella Fanciullo},
}


@article{bonfiglioli2013h,
  title={H-convex distributions in stratified groups},
  author={Bonfiglioli, Andrea and Lanconelli, Ermanno and Magnani, Valentino and Scienza, Matteo},
  journal={Proceedings of the American Mathematical Society},
  volume={141},
  number={10},
  pages={3633--3638},
  year={2013}
}

@incollection{bourgain2001another,
  title={Another look at {S}obolev spaces},
  author={Bourgain, Jean and Brezis, Haim and Mironescu, Petru},
  booktitle={Optimal control and partial differential equations},
  pages={439--455},
  publisher={IOS, Amsterdam},
  year={2001}
}

@article{bourgain2015new,
  title={A new function space and applications},
  author={Bourgain, Jean and Brezis, Ha{\"\i}m and Mironescu, Petru},
  journal={J. Eur. Math. Soc.(JEMS) 6},
  volume={17},
  number={9},
  pages={2083--2101},
  year={2015}
}

@article{brezis2016two,
  title={Two subtle convex nonlocal approximations of the ${BV}$-norm},
  author={Brezis, Haim and Nguyen, Hoai-Minh},
  journal={Nonlinear Analysis},
  volume={137},
  pages={222--245},
  year={2016},
  publisher={Elsevier}
}

@article{brezis2018non,
  title={Non-local functionals related to the total variation and connections with {I}mage {P}rocessing},
  author={Brezis, Ha{\"\i}m and Nguyen, Hoai-Minh},
  journal={Annals of PDE},
  volume={4},
  number={1},
  pages={9},
  year={2018},
  publisher={Springer}
}


@article{maz2002bourgain,
  title={On the Bourgain, Brezis, and Mironescu theorem concerning limiting embeddings of fractional Sobolev spaces},
  author={Maz'ya, Vladimir and Shaposhnikova, Tatyana},
  journal={Journal of Functional Analysis},
  volume={195},
  number={2},
  pages={230--238},
  year={2002},
  publisher={Elsevier}
}

@article{maz2003erratum,
  title={Erratum to:``On the Bourgain, Brezis and Mironescu theorem concerning limiting embeddings of fractional Sobolev spaces''-(J. Funct. Anal. 195 (2002) 230-238)},
  author={Maz'ya, Vladimir and Shaposhnikova, Tatyana},
  journal={Journal of Functional Analysis},
  volume={201},
  number={1},
  pages={298--300},
  year={2003},
  publisher={New York, Academic Press.}
}


@book{corwin1990representations,
  title={Representations of Nilpotent {L}ie Groups and Their Applications: {V}olume 1, {P}art 1, {B}asic Theory and Examples},
  author={Corwin, Laurence and Greenleaf, Frederick P},
  volume={18},
  year={1990},
  publisher={Cambridge university press}
}


@article{cassano2016some,
  title={Some topics of {G}eometric {M}easure {T}heory in {C}arnot groups},
  author={Serra Cassano, Francesco},
  journal={Dynamics, geometry and analysis on sub-Riemannian manifolds},
  volume={1},
  year={2016}
}

@article{cassano2004rectifiability,
  title={Rectifiability and parametrization of intrinsic regular surfaces in the {H}eisenberg group},
  author={Serra Cassano, Francesco and Kirchheim, Bernd},
  journal={Ann. Sc. Norm. Super. Pisa Cl. Sci.(5)},
  volume={3},
  pages={871--896},
  year={2004}
}


@article{ambrosio2011gamma,
  title={Gamma-convergence of nonlocal perimeter functionals},
  author={Ambrosio, Luigi and De Philippis, Guido and Martinazzi, Luca},
  journal={Manuscripta {M}athematica},
  volume={134},
  number={3},
  pages={377--403},
  year={2011},
  publisher={Springer}
}

@article {ChoMagTys2015,
    AUTHOR = {Chousionis, Vasilis and Magnani, Valentino and Tyson, Jeremy
              T.},
     TITLE = {Removable sets for {L}ipschitz harmonic functions on {C}arnot
              groups},
   JOURNAL = {Calc. Var. Partial Differential Equations},
  FJOURNAL = {Calculus of Variations and Partial Differential Equations},
    VOLUME = {53},
      YEAR = {2015},
    NUMBER = {3-4},
     PAGES = {755--780},
      ISSN = {0944-2669},
   MRCLASS = {42B20 (22E30 28A75)},
  MRNUMBER = {3347479},
MRREVIEWER = {Andreas Nilsson},
       DOI = {10.1007/s00526-014-0766-1},
       URL = {https://doi.org/10.1007/s00526-014-0766-1},
}

@incollection{cozzi2017regularity,
  title={Regularity theory for local and nonlocal minimal surfaces: an overview},
  author={Cozzi, Matteo and Figalli, Alessio},
  booktitle={Nonlocal and Nonlinear Diffusions and Interactions: New Methods and Directions},
  pages={117--158},
  year={2017},
  publisher={Springer}
}

@article{di2012hitchhikers,
  title={Hitchhiker{'s} guide to the fractional {S}obolev spaces},
  author={Di Nezza, Eleonora and Palatucci, Giampiero and Valdinoci, Enrico},
  journal={Bulletin des Sciences Math{\'e}matiques},
  volume={136},
  number={5},
  pages={521--573},
  year={2012},
  publisher={Elsevier}
}

@article {DePauwPfeffer2004GG,
    AUTHOR = {De Pauw, Thierry and Pfeffer, Washek F.},
     TITLE = {The {G}auss-{G}reen theorem and removable sets for {PDE}s in
              divergence form},
   JOURNAL = {Adv. Math.},
  FJOURNAL = {Advances in Mathematics},
    VOLUME = {183},
      YEAR = {2004},
    NUMBER = {1},
     PAGES = {155--182},
      ISSN = {0001-8708},
   MRCLASS = {35B60 (26B20 35J60)},
  MRNUMBER = {2038549},
MRREVIEWER = {Steven George Krantz},
       DOI = {10.1016/S0001-8708(03)00085-9},
       URL = {https://doi.org/10.1016/S0001-8708(03)00085-9},
}


@article {FSSC2,
    AUTHOR = {Franchi, Bruno and Serapioni, Raul and Serra Cassano, Francesco},
     TITLE = {Approximation and imbedding theorems for weighted {S}obolev
              spaces associated with {L}ipschitz continuous vector fields},
   JOURNAL = {Boll. Un. Mat. Ital. B (7)},
  FJOURNAL = {Unione Matematica Italiana. Bollettino. B. Serie VII},
    VOLUME = {11},
      YEAR = {1997},
    NUMBER = {1},
     PAGES = {83--117},
     CODEN = {BLUMAM},
   MRCLASS = {46E35 (35J70)},
  MRNUMBER = {1448000 (98c:46062)},
MRREVIEWER = {Seng-Kee Chua},
}


@article{franchi2003regular,
  title={Regular hypersurfaces, intrinsic perimeter and implicit function theorem in {C}arnot groups},
  author={Franchi, Bruno and Serapioni, Raul and Serra Cassano, Francesco},
  journal={Communications in analysis and geometry},
  volume={11},
  number={5},
  pages={909--944},
  year={2003},
  publisher={INTERNATIONAL PRESS}
}

@article {Friedrichs1944,
    AUTHOR = {Friedrichs, Kurt O.},
     TITLE = {The identity of weak and strong extensions of differential
              operators},
   JOURNAL = {Trans. Amer. Math. Soc.},
  FJOURNAL = {Transactions of the American Mathematical Society},
    VOLUME = {55},
      YEAR = {1944},
     PAGES = {132--151},
      ISSN = {0002-9947},
   MRCLASS = {46.3X},
  MRNUMBER = {0009701},
MRREVIEWER = {A. E. Taylor},
       DOI = {10.2307/1990143},
       URL = {https://doi.org/10.2307/1990143},
}

@article{caffarelli2010nonlocal,
  title={Nonlocal minimal surfaces},
  author={Caffarelli, Luis and Roquejoffre, Jean-Michel and Savin, Ovidiu},
  journal={Communications on Pure and Applied Mathematics},
  volume={63},
  number={9},
  pages={1111--1144},
  year={2010}
}

@article{CF1,
  title={Divergence-Measure Fields and Hyperbolic Conservation Laws},
  author={Chen, Gui-Qiang and Frid, Hermano},
  journal={Archive for rational mechanics and analysis},
  volume={147},
  number={2},
  pages={89--118},
  year={1999},
  publisher={Springer}
}

@article{chen2003extended,
  title={Extended divergence-measure fields and the {E}uler equations for gas dynamics},
  author={Chen, Gui-Qiang and Frid, Hermano},
  journal={Communications in mathematical physics},
  volume={236},
  number={2},
  pages={251--280},
  year={2003},
  publisher={Springer}
}

@article{chen2001theory,
  title={On the theory of divergence-measure fields and its applications},
  author={Chen, Gui-Qiang and Frid, Hermano},
  journal={Bulletin of the Brazilian Mathematical Society},
  volume={32},
  number={3},
  pages={401--433},
  year={2001},
  publisher={Springer Berlin/Heidelberg}
}

@article{chen2009gauss,
  title={Gauss-{G}reen theorem for weakly differentiable vector fields, sets of finite perimeter, and balance laws},
  author={Chen, Gui-Qiang and Ziemer, William P. and Torres, Monica},
  journal={Communications on Pure and Applied Mathematics},
  volume={62},
  number={2},
  pages={242--304},
  year={2009},
  publisher={Wiley Online Library}
}

@article{chencomitorres,
  title={Cauchy fluxes and {G}auss-{G}reen formulas for divergence-measure fields over general open sets},
  author={Chen, Gui-Qiang and Comi, Giovanni E. and Torres, Monica},
journal={Archive for Rational Mechanics and Analysis},
volume={233},
number={1},
pages={87--166},
year={2019}
}


@article{chen2011structure,
  title={On the structure of solutions of nonlinear hyperbolic systems of conservation laws},
  author={Chen, Gui-Qiang and Torres, Monica},
  journal={Commun. Pure Appl. Anal},
  volume={10},
  pages={1011--1036},
  year={2011}
}

@article{cianchi1989sharp,
  title={A sharp form of {P}oincar{\'e} type inequalities on balls and spheres},
  author={Cianchi, Andrea},
  journal={Zeitschrift f{\"u}r angewandte Mathematik und Physik ZAMP},
  volume={40},
  number={4},
  pages={558--569},
  year={1989},
  publisher={Springer}
}

@article{cohn2017sphere,
  title={The sphere packing problem in dimension 24},
  author={Cohn, Henry and Kumar, Abhinav and Miller, Stephen D. and Radchenko, Danylo and Viazovska, Maryna S.},
  journal={Annals of Mathematics},
  pages={1017--1033},
  year={2017},
  publisher={JSTOR}
}

@book{dafermos2000hyperbolic,
  title={Hyperbolic conservation laws in continuum physics},
  author={Dafermos, Constantine M.},
  volume={325},
  year={2000},
  publisher={Springer}
}

@article{buffa2019bv,
  title={On {$BV$} functions and essentially bounded divergence-measure fields in metric spaces},
  author={Buffa, Vito and Comi, Giovanni E. and Miranda Jr., Michele},
  journal={arXiv preprint arXiv:1906.07432},
  year={2019}
}

@article{comi2018gauss,
  title={The {G}auss-{G}reen theorem in stratified groups},
  author={Comi, Giovanni E. and Magnani, Valentino},
  journal={arXiv preprint arXiv:1806.04011},
  year={2018}
}

@book{dal2012introduction,
  title={An introduction to $\Gamma$-convergence},
  author={Dal Maso, Gianni},
  volume={8},
  year={2012},
  publisher={Springer Science \& Business Media}
}


@book{gigli2015differential,
  title={On the differential structure of metric measure spaces and applications},
  author={Gigli, Nicola},
  volume={236},
  number={1113},
  year={2015},
  publisher={American Mathematical Society}
}

@book{gigli2018nonsmooth,
  title={Nonsmooth differential geometry--An approach tailored for spaces with Ricci curvature bounded from below},
  author={Gigli, Nicola},
  volume={251},
  number={1196},
  year={2018},
  publisher={American Mathematical Society}
}

@book{braides2002gamma,
  title={{$\Gamma$}-convergence for beginners},
  author={Braides, Andrea},
   series={Oxford Lecture Series in Mathematics and its Applications},
  year={2002},
 volume={22},
   publisher={Oxford University Press, Oxford}
}

@article{ambrosio2010teoria,
  title={La teoria dei perimetri di Caccioppoli--De Giorgi ei suoi pi{\`u} recenti sviluppi},
  author={Ambrosio, Luigi},
  journal={Rendiconti Lincei-Matematica e Applicazioni},
  volume={21},
  number={3},
  pages={275--286},
  year={2010}
}


@book{dal1993introduction,
  title={An Introduction to {$Gamma$}-Convergence},
  author={Dal Maso, Gianni and others},
  series={Progress in Nonlinear Differential Equations and their
   Applications},
   volume={8},
   publisher={Birkh\"{a}user Boston, Inc., Boston, MA},
   date={1993}
}

@article{fractionalcalculus,
  title={Fractional vector analysis based on invariance requirements ({C}ritique of coordinate approaches)},
  author={{\v{S}}ilhav{\`y}, Miroslav},
  journal={Continuum Mechanics and Thermodynamics},
  pages={1--22},
  year={2019},
  publisher={Springer}
}

@article{schikorra20171,
  title={An ${L}^{1}$-type estimate for {R}iesz potentials},
  author={Schikorra, Armin and Spector, Daniel and Van Schaftingen, Jean},
  journal={Revista Matem{\'a}tica Iberoamericana},
  volume={33},
  number={1},
  pages={291--303},
  year={2017}
}

@article{shieh2015new,
  title={On a new class of fractional partial differential equations},
  author={Shieh, Tien-Tsan and Spector, Daniel E.},
  journal={Advances in Calculus of Variations},
  volume={8},
  number={4},
  pages={321--336},
  year={2015},
  publisher={De Gruyter}
}

@article{shieh2018new,
  title={On a new class of fractional partial differential equations {II}},
  author={Shieh, Tien-Tsan and Spector, Daniel E.},
  journal={Advances in Calculus of Variations},
  volume={11},
  number={3},
  pages={289--307},
  year={2018},
  publisher={De Gruyter}
}


@article {DGNP2010MinSurfEmbedded,
    AUTHOR = {Danielli, Donatella and Garofalo, Nicola and Nhieu, Duy-Minh
              and Pauls, Scott D.},
     TITLE = {The {B}ernstein problem for embedded surfaces in the
              {H}eisenberg group {$\Bbb H^1$}},
   JOURNAL = {Indiana Univ. Math. J.},
  FJOURNAL = {Indiana University Mathematics Journal},
    VOLUME = {59},
      YEAR = {2010},
    NUMBER = {2},
     PAGES = {563--594},
      ISSN = {0022-2518},
   MRCLASS = {53A10 (49Q05 53C17)},
  MRNUMBER = {2648078},
MRREVIEWER = {Davide Vittone},
       DOI = {10.1512/iumj.2010.59.4291},
       URL = {https://doi.org/10.1512/iumj.2010.59.4291},
}

@article{caccioppoli1930trasformazioni,
  title={Trasformazioni piane, superficie quadrabili, integrali di superficie},
  author={Caccioppoli, Renato},
  journal={Rendiconti del Circolo Matematico di Palermo (1884-1940)},
  volume={54},
  number={1},
  pages={217--262},
  year={1930},
  publisher={Springer}
}

@inproceedings{caccioppoli1951elementi,
  title={Elementi di una teoria generale dell’integrazione k-dimensionale in uno spazio n-dimensionale},
  author={Caccioppoli, Renato},
  booktitle={Atti del Quarto Congresso dell’Unione Matematica Italiana, Taormina},
  volume={2},
  pages={41--49},
  year={1951}
}

@article{de1954teoria,
  title={Su una teoria generale della misura (r- 1)-dimensionale in uno spazio adr dimensioni},
  author={De Giorgi, Ennio},
  journal={Annali di Matematica Pura ed Applicata},
  volume={36},
  number={1},
  pages={191--213},
  year={1954},
  publisher={Springer}
}
		
@article {DeGiorgi1955,
    AUTHOR = {De Giorgi, Ennio},
     TITLE = {Nuovi teoremi relativi alle misure {$(r-1)$}-dimensionali in
              uno spazio ad {$r$} dimensioni},
   JOURNAL = {Ricerche Mat.},
  FJOURNAL = {Ricerche di Matematica},
    VOLUME = {4},
      YEAR = {1955},
     PAGES = {95--113},
      ISSN = {0035-5038},
   MRCLASS = {28.0X},
  MRNUMBER = {0074499},
MRREVIEWER = {L. C. Young},
}


@article{degiovanni1999cauchy,
  title={Cauchy fluxes associated with tensor fields having divergence measure},
  author={Degiovanni, Marco and Marzocchi, Alfredo and Musesti, Alessandro},
  journal={Archive for rational mechanics and analysis},
  volume={147},
  number={3},
  pages={197--223},
  year={1999},
  publisher={Springer}
}

@book{giusti1984minimal,
  title={Minimal surfaces and functions of bounded variation},
  author={Giusti, Enrico and Williams, Graham Hale},
  volume={2},
  number={3},
  year={1984},
  publisher={Springer}
}

@book {EvansPDE,
    AUTHOR = {Evans, Lawrence C.},
     TITLE = {Partial differential equations},
    SERIES = {Graduate Studies in Mathematics},
    VOLUME = {19},
   EDITION = {Second},
 PUBLISHER = {American Mathematical Society, Providence, RI},
      YEAR = {2010},
     PAGES = {xxii+749},
      ISBN = {978-0-8218-4974-3},
   MRCLASS = {35-01},
 MRNUMBER = {2597943},
MRREVIEWER = {Diego M. Maldonado},
      DOI = {10.1090/gsm/019},
      URL = {https://doi.org/10.1090/gsm/019},
}

@book{evans2015measure,
  title={Measure theory and fine properties of functions},
  author={Evans, Lawrence C. and Gariepy, Ronald F.},
  year={2015},
  publisher={CRC press}
}

@book{vitali1905sul,
  title={Sul problema della misura dei gruppi di punti di una retta},
  author={Vitali, Giuseppe},
  year={1905},
  publisher={Tip. Gamberini e Parmeggiani}
}

@article{farroni2019formula,
  title={A formula for the anisotropic total variation of {$SBV$} functions},
  author={Farroni, Fernando and Fusco, Nicola and {G}uarino {L}o Bianco, Serena and Schiattarella, Roberta},
  journal = {Preprint},
  year={2019}
}

@article{finerentropyestimates,
title={Finer entropy estimates in the context of {G}inzburg-{L}andau model},
author={Ambrosio, Luigi and Comi, Giovanni E. and Peletier, Mark A. and Tse, Oliver},
note={In preparation}
}

@article{distributionalasymptoticsI,
   author={Comi, Giovanni E. and Stefani, Giorgio},
   title={A distributional approach to fractional {S}obolev spaces and fractional variation: asymptotics {I}},
   note={In preparation},
}

@article{distributionalasymptoticsII,
   author={Brué, Elia and Calzi, Mattia and Comi, Giovanni E. and Stefani, Giorgio},
   title={A distributional approach to fractional {S}obolev spaces and fractional variation: asymptotics {II}},
   note={In preparation},
}

@article{fejes1942dichteste,
  title={{\"U}ber die dichteste {K}ugellagerung},
  author={Fejes T\'oth, L\'aszl\'o},
  journal={Mathematische Zeitschrift},
  volume={48},
  number={1},
  pages={676--684},
  year={1942},
  publisher={Springer}
}

@article {MR1794185,
    AUTHOR = {Ambrosio, Luigi and Kirchheim, Bernd},
     TITLE = {Currents in metric spaces},
   JOURNAL = {Acta Math.},
  FJOURNAL = {Acta Mathematica},
    VOLUME = {185},
      YEAR = {2000},
    NUMBER = {1},
     PAGES = {1--80},
      ISSN = {0001-5962},
   MRCLASS = {49Q15 (49Q20)},
  MRNUMBER = {1794185},
MRREVIEWER = {Giovanni Bellettini},
       DOI = {10.1007/BF02392711},
       URL = {https://doi.org/10.1007/BF02392711},
}


@article{federer1958note,
  title={A note on the {G}auss--{G}reen theorem},
  author={Federer, Herbert},
  journal={Proceedings of the American Mathematical Society},
  volume={9},
  number={3},
  pages={447--451},
  year={1958},
  publisher={JSTOR}
}


@book{Fe,
  title={Geometric {M}easure {T}heory},
  author={Federer, Herbert},
  year={1969},
  publisher={Springer}
}

@mastersthesis{comidivergence,
  title={Divergence-measure fields: generalizations of {G}auss-{G}reen formula with applications},
  author={Comi, Giovanni E.},
  school = {Universit\'a degli {S}tudi di {M}ilano},
  year = {2015}
}

@article {Fol75,
    AUTHOR = {Folland, Gerald B.},
     TITLE = {Subelliptic estimates and function spaces on nilpotent {L}ie
              groups},
   JOURNAL = {Ark. Mat.},
  FJOURNAL = {Arkiv f\"or Matematik},
    VOLUME = {13},
      YEAR = {1975},
    NUMBER = {2},
     PAGES = {161--207},
      ISSN = {0004-2080},
   MRCLASS = {58G05 (35H05 44A25)},
  MRNUMBER = {0494315},
MRREVIEWER = {A. S. Dynin},
}

@book{folland1982hardy,
  title={Hardy spaces on homogeneous groups},
  author={Folland, Gerald B. and Stein, Elias M.},
  volume={28},
  year={1982},
  publisher={Princeton University Press}
}



@article{FSSC5,
  title={On the structure of finite perimeter sets in step 2 {C}arnot groups},
  author={Franchi, Bruno and Serapioni, Raul and Serra Cassano, Francesco},
  journal={The Journal of Geometric Analysis},
  volume={13},
  number={3},
  pages={421--466},
  year={2003},
  publisher={Springer}
}

@article{franchi2001rectifiability,
  title={Rectifiability and perimeter in the {H}eisenberg group},
  author={Franchi, Bruno and Serapioni, Raul and Serra Cassano, Francesco},
  journal={Mathematische Annalen},
  volume={321},
  number={3},
  pages={479--531},
  year={2001},
  publisher={Springer}
}


@InCollection{Frid,
  author    = {Hermano Frid},
  title     = {Divergence-Measure Fields on Domains with {L}ipschitz Boundary},
  booktitle = {Springer Proceedings in Mathematics {\&} Statistics},
  publisher = {Springer Nature},
  year      = {2014},
  pages     = {207--225},
  doi       = {10.1007/978-3-642-39007-4_10},
}

@article{fusco2016formula,
  title={A formula for the total variation of ${SBV}$ functions},
  author={Fusco, Nicola and Moscariello, Gioconda and Sbordone, Carlo},
  journal={Journal of Functional Analysis},
  volume={270},
  number={1},
  pages={419--446},
  year={2016},
  publisher={Elsevier}
}

@article{fusco2018bmo,
  title={${BMO}$-type seminorms and {S}obolev functions},
  author={Fusco, Nicola and Moscariello, Gioconda and Sbordone, Carlo},
  journal={ESAIM: Control, Optimisation and Calculus of Variations},
  volume={24},
  number={2},
  pages={835--847},
  year={2018},
  publisher={EDP Sciences}
}

@article{garofalo1996isoperimetric,
  title={Isoperimetric and Sobolev inequalities for {C}arnot-{C}arath{\'e}odory spaces and the existence of minimal surfaces},
  author={Garofalo, Nicola and Nhieu, Duy-Minh},
  journal={Communications on Pure and Applied Mathematics},
  volume={49},
  number={10},
  pages={1081--1144},
  year={1996},
  publisher={Wiley Online Library}
}


@article {GN1998LipApp,
    AUTHOR = {Garofalo, Nicola and Nhieu, Duy-Minh},
     TITLE = {Lipschitz continuity, global smooth approximations and
              extension theorems for {S}obolev functions in
              {C}arnot-{C}arath\'eodory spaces},
   JOURNAL = {J. Anal. Math.},
  FJOURNAL = {Journal d'Analyse Math\'ematique},
    VOLUME = {74},
      YEAR = {1998},
     PAGES = {67--97},
      ISSN = {0021-7670},
   MRCLASS = {46E35 (26A16 49Q20)},
  MRNUMBER = {1631642},
MRREVIEWER = {J. Musielak},
       DOI = {10.1007/BF02819446},
       URL = {https://doi.org/10.1007/BF02819446},
}



@book{grafakos2008classical,
  title={Classical {F}ourier analysis},
  author={Grafakos, Loukas},
  volume={2},
  year={2008},
  publisher={Springer}
}


@article {Guseynov2016FractGG,
    AUTHOR = {Guseynov, Yevgeniy},
     TITLE = {Integrable boundaries and fractals for {H}\"older classes; the
              {G}auss--{G}reen theorem},
   JOURNAL = {Calc. Var. Partial Differential Equations},
  FJOURNAL = {Calculus of Variations and Partial Differential Equations},
    VOLUME = {55},
      YEAR = {2016},
    NUMBER = {4},
     PAGES = {Art. 103, 27},
      ISSN = {0944-2669},
   MRCLASS = {26B20 (26B35 28A80 49Q15)},
  MRNUMBER = {3529786},
MRREVIEWER = {Zbigniew Grande},
       DOI = {10.1007/s00526-016-1031-6},
       URL = {https://doi.org/10.1007/s00526-016-1031-6},
}


@article{hajlasz1996sobolev,
  title={Sobolev spaces on an arbitrary metric space},
  author={Haj{\l}asz, Piotr},
  journal={Potential Analysis},
  volume={5},
  number={4},
  pages={403--415},
  year={1996},
  publisher={Springer}
}

@book{hajlasz2000sobolev,
  title={Sobolev met {P}oincar{\'e}},
  author={Haj{\l}asz, Piotr and Koskela, Pekka},
  volume={688},
  year={2000},
  publisher={American Mathematical Soc.}
}



@article{hales2000cannonballs,
  title={Cannonballs and honeycombs},
  author={Hales, Thomas C.},
  journal={Notices-American Mathematical Society},
  volume={47},
  number={4},
  pages={440--449},
  year={2000},
  publisher={AMERICAN MATHEMATICAL SOCIETY}
}


@article{hales2005proof,
  title={A proof of the {K}epler conjecture},
  author={Hales, Thomas C.},
  journal={Annals of Mathematics},
  pages={1065--1185},
  year={2005},
  publisher={JSTOR}
}



@article {HarNorGaussGreen1992,
    AUTHOR = {Harrison, Jenny and Norton, Alec},
     TITLE = {The {G}auss--{G}reen theorem for fractal boundaries},
   JOURNAL = {Duke Math. J.},
  FJOURNAL = {Duke Mathematical Journal},
    VOLUME = {67},
      YEAR = {1992},
    NUMBER = {3},
     PAGES = {575--588},
      ISSN = {0012-7094},
   MRCLASS = {58C35 (26B20 28A75 49Q15)},
  MRNUMBER = {1181315},
MRREVIEWER = {J. Jarn\'\i k},
       DOI = {10.1215/S0012-7094-92-06724-X},
       URL = {https://doi.org/10.1215/S0012-7094-92-06724-X},
}



@incollection {Heinonen1995,
    AUTHOR = {Heinonen, Juha},
     TITLE = {Calculus on {C}arnot groups},
 BOOKTITLE = {Fall {S}chool in {A}nalysis ({J}yv\"askyl\"a, 1994)},
    SERIES = {Report},
    VOLUME = {68},
     PAGES = {1--31},
 PUBLISHER = {Univ. Jyv\"askyl\"a, Jyv\"askyl\"a},
      YEAR = {1995},
   MRCLASS = {22E30 (22E25 30C65)},
  MRNUMBER = {1351042},
MRREVIEWER = {Ilkka Holopainen},
       URL = {https://doi.org/10.1530/jrf.0.0680001},
}

@book{heinonen2018nonlinear,
  title={Nonlinear potential theory of degenerate elliptic equations},
  author={Heinonen, Juha and Kilpelainen, Tero and Martio, Olli},
  year={2018},
  publisher={Courier Dover Publications}
}

@book{maly1997fine,
  title={Fine regularity of solutions of elliptic partial differential equations},
  author={Mal{\`y}, Jan and Ziemer, William P.},
  number={51},
  year={1997},
  publisher={American Mathematical Soc.}
}

@article{hakkarainen2010bv,
  title={The {$BV$}-capacity in metric spaces},
  author={Hakkarainen, Heikki and Kinnunen, Juha},
  journal={Manuscripta {M}athematica},
  volume={132},
  number={1-2},
  pages={51--73},
  year={2010},
  publisher={Springer}
}

@inproceedings{kinnunen1996sobolev,
  title={The {S}obolev capacity on metric spaces},
  author={Kinnunen, Juha and Martio, Olli},
  booktitle={Annales-Academiae Scientiarum Fennicae Series A1 Mathematica},
  volume={21},
  pages={367--382},
  year={1996},
  organization={Academia Scientiarum Fennica}
}

@article{kinnunen2002lebesgue,
  title={Lebesgue points for {S}obolev functions on metric spaces},
  author={Kinnunen, Juha and Latvala, Visa},
  journal={Revista Matem{\'a}tica Iberoamericana},
  volume={18},
  number={3},
  pages={685--700},
  year={2002},
  publisher={Departamento de Matem{\'a}ticas, Universidad Aut{\'o}noma de Madrid}
}

@phdthesis{magnani2002elements,
  title={Elements of {G}eometric {M}easure {T}heory on {S}ub-{R}iemannian Groups, {S}cuola {N}ormale {S}uperiore, {P}isa},
  author={Magnani, Valentino},
  year={2002},
  school={Ph. D. thesis}
}

@article{magnani2006characteristic,
  title={Characteristic points, rectifiability and perimeter measure on stratified groups},
  author={Magnani, Valentino},
  journal={Journal of the European Mathematical Society},
  volume={8},
  number={4},
  pages={585--609},
  year={2006}
}

@article {Mag31,
    AUTHOR = {Magnani, Valentino},
     TITLE = {A new differentiation, shape of the unit ball, and perimeter
              measure},
   JOURNAL = {Indiana Univ. Math. J.},
  FJOURNAL = {Indiana University Mathematics Journal},
    VOLUME = {66},
      YEAR = {2017},
    NUMBER = {1},
     PAGES = {183--204},
      ISSN = {0022-2518},
   MRCLASS = {28A75 (22E25 53C17)},
  MRNUMBER = {3623407},
       DOI = {10.1512/iumj.2017.66.6007},
       URL = {http://dx.doi.org/10.1512/iumj.2017.66.6007},
}


@article {CHMY2005MinSurfPseudoherm,
    AUTHOR = {Cheng, Jih-Hsin and Hwang, Jenn-Fang and Malchiodi, Andrea and
              Yang, Paul},
     TITLE = {Minimal surfaces in pseudohermitian geometry},
   JOURNAL = {Ann. Sc. Norm. Super. Pisa Cl. Sci. (5)},
  FJOURNAL = {Annali della Scuola Normale Superiore di Pisa. Classe di
              Scienze. Serie V},
    VOLUME = {4},
      YEAR = {2005},
    NUMBER = {1},
     PAGES = {129--177},
      ISSN = {0391-173X},
   MRCLASS = {53A10 (49Q10 53C42)},
  MRNUMBER = {2165405},
MRREVIEWER = {Magdalena Daniela Toda},
}


@article {MarMirShan2015BoundaryMeasGG,
    AUTHOR = {Marola, Niko and Miranda Jr., Michele and Shanmugalingam,
              Nageswari},
     TITLE = {Boundary measures, generalized {G}auss--{G}reen formulas, and
              mean value property in metric measure spaces},
   JOURNAL = {Rev. Mat. Iberoam.},
  FJOURNAL = {Revista Matem\'atica Iberoamericana},
    VOLUME = {31},
      YEAR = {2015},
    NUMBER = {2},
     PAGES = {497--530},
      ISSN = {0213-2230},
   MRCLASS = {31E05 (30C65 31C25 31C45 53C23)},
  MRNUMBER = {3375861},
MRREVIEWER = {Luk\'a\v s Mal\'y},
       DOI = {10.4171/RMI/843},
       URL = {https://doi.org/10.4171/RMI/843},
}

@inproceedings{franchi1996meyer,
  title={Meyer-{S}errin type theorem and relaxation of variational integrals depending on vector fields},
  author={Franchi, Bruno and Serapioni, Raul and Serra Cassano, Francesco},
  booktitle={Houston J. of Math},
  year={1996},
  organization={Citeseer}
}

@book{maggi2012sets,
  title={Sets of finite perimeter and geometric variational problems: an introduction to {G}eometric {M}easure {T}heory},
  author={Maggi, Francesco},
    series = {Cambridge Studies in Advanced Mathematics},
    volume = {135},
      note = {An introduction to geometric measure theory},
publisher = {Cambridge University Press, Cambridge},
      year = {2012},
     pages = {xx+454},
      ISBN = {978-1-107-02103-7},
   MRCLASS = {49-01 (26B20 28-02 49-02 49Q05 49Q20)},
  MRNUMBER = {2976521},
MRREVIEWER = {Giovanni Alberti},
       DOI = {10.1017/CBO9781139108133},
       URL = {https://doi.org/10.1017/CBO9781139108133},
}
  
  
}


@article {MSSC10,
    AUTHOR = {Mattila, Pertti and Serapioni, Raul and Serra Cassano, Francesco},
     TITLE = {Characterizations of intrinsic rectifiability in {H}eisenberg
              groups},
   JOURNAL = {Ann. Sc. Norm. Super. Pisa Cl. Sci. (5)},
  FJOURNAL = {Annali della Scuola Normale Superiore di Pisa. Classe di
              Scienze. Serie V},
    VOLUME = {9},
      YEAR = {2010},
    NUMBER = {4},
     PAGES = {687--723},
      ISSN = {0391-173X},
   MRCLASS = {28A75 (28C10 49Q15)},
  MRNUMBER = {2789472 (2012c:28003)},
MRREVIEWER = {Joseph Max Rosenblatt},
}


@book{maz2013sobolev,
  title={Sobolev spaces: with applications to elliptic partial differential equations - 2. ed. revised and augmented},
  author={Maz'ya, Vladimir},
  year={2013},
  publisher={Berlin Heidelberg, Springer}
}

@article {Montef2015HminHyp,
    AUTHOR = {Montefalcone, Francescopaolo},
     TITLE = {Stable {$H$}-minimal hypersurfaces},
   JOURNAL = {J. Geom. Anal.},
  FJOURNAL = {Journal of Geometric Analysis},
    VOLUME = {25},
      YEAR = {2015},
    NUMBER = {2},
     PAGES = {820--870},
      ISSN = {1050-6926},
   MRCLASS = {49Q15 (46E35 53C17)},
  MRNUMBER = {3319952},
MRREVIEWER = {Pei Biao Zhao},
       DOI = {10.1007/s12220-013-9447-0},
       URL = {https://doi.org/10.1007/s12220-013-9447-0},
}



@article {MSC2001,
    AUTHOR = {Monti, Roberto and Serra Cassano, Francesco},
     TITLE = {Surface measures in {C}arnot-{C}arath\'eodory spaces},
   JOURNAL = {Calc. Var. Partial Differential Equations},
  FJOURNAL = {Calculus of Variations and Partial Differential Equations},
    VOLUME = {13},
      YEAR = {2001},
    NUMBER = {3},
     PAGES = {339--376},
      ISSN = {0944-2669},
   MRCLASS = {49Q20 (49Q05 53C17)},
  MRNUMBER = {1865002},
MRREVIEWER = {Giovanni Bellettini},
       URL = {https://doi.org/10.1007/s005260000076},
}

@article {MontiVitt2018SetsHperim,
    AUTHOR = {Monti, Roberto and Vittone, Davide},
     TITLE = {Sets with finite {$\Bbb H$}-perimeter and controlled normal},
   JOURNAL = {Math. Z.},
  FJOURNAL = {Mathematische Zeitschrift},
    VOLUME = {270},
      YEAR = {2012},
    NUMBER = {1-2},
     PAGES = {351--367},
      ISSN = {0025-5874},
   MRCLASS = {49Q05 (28A75 53C17)},
  MRNUMBER = {2875838},
MRREVIEWER = {Christine Breiner},
       DOI = {10.1007/s00209-010-0801-7},
       URL = {https://doi.org/10.1007/s00209-010-0801-7},
}

@article {MonVitHeightEst2015,
    AUTHOR = {Monti, Roberto and Vittone, Davide},
     TITLE = {Height estimate and slicing formulas in the {H}eisenberg
              group},
   JOURNAL = {Anal. PDE},
  FJOURNAL = {Analysis \& PDE},
    VOLUME = {8},
      YEAR = {2015},
    NUMBER = {6},
     PAGES = {1421--1454},
      ISSN = {2157-5045},
   MRCLASS = {49Q05 (53C17)},
  MRNUMBER = {3397002},
MRREVIEWER = {Matteo Galli},
       URL = {https://doi.org/10.2140/apde.2015.8.1421},
}


@article {MonSteLipApp2017,
    AUTHOR = {Monti, Roberto and Stefani, Giorgio},
     TITLE = {Improved {L}ipschitz approximation of {$H$}-perimeter
              minimizing boundaries},
   JOURNAL = {J. Math. Pures Appl. (9)},
  FJOURNAL = {Journal de Math\'ematiques Pures et Appliqu\'ees. Neuvi\`eme S\'erie},
    VOLUME = {108},
      YEAR = {2017},
    NUMBER = {3},
     PAGES = {372--398},
      ISSN = {0021-7824},
   MRCLASS = {49Q05 (28A75 53C17)},
  MRNUMBER = {3682744},
MRREVIEWER = {S\l awomir Kolasi\'nski},
       URL = {https://doi.org/10.1016/j.matpur.2017.04.002},
}

@article{morse1947perfect,
  title={Perfect blankets},
  author={Morse, Anthony P.},
  journal={Transactions of the American Mathematical Society},
  volume={61},
  number={3},
  pages={418--442},
  year={1947},
  publisher={JSTOR}
}

@article{pinamonti2016porosity,
  title={Porosity, differentiability and {P}ansu's theorem},
  author={Pinamonti, Andrea and Speight, Gareth},
  journal={The Journal of Geometric Analysis},
  pages={1--26},
  year={2016},
  publisher={Springer}
}

@article {Pan89,
    AUTHOR = {Pansu, Pierre},
     TITLE = {M\'etriques de {C}arnot-{C}arath\'eodory et quasiisom\'etries
              des espaces sym\'etriques de rang un},
   JOURNAL = {Ann. of Math. (2)},
  FJOURNAL = {Annals of Mathematics. Second Series},
    VOLUME = {129},
      YEAR = {1989},
    NUMBER = {1},
     PAGES = {1--60},
      ISSN = {0003-486X},
     CODEN = {ANMAAH},
   MRCLASS = {53C20 (22E40)},
  MRNUMBER = {979599},
MRREVIEWER = {Gudlaugur Thorbergsson},
       DOI = {10.2307/1971484},
       URL = {http://dx.doi.org/10.2307/1971484},
}



@article{Schuricht,
  title={A new mathematical foundation for contact interactions in continuum physics},
  author={Schuricht, Friedemann},
  journal={Archive for rational mechanics and analysis},
  volume={184},
  number={3},
  pages={495--551},
  year={2007},
  publisher={Springer}
}


@article{Silhavy,
  title={Divergence measure fields and {C}auchy's stress theorem},
  author={{\v{S}}ilhav{\'y}, Miroslav},
  journal={Rendiconti del Seminario Matematico della Universit{\`a} di Padova},
  volume={113},
  pages={15--45},
  year={2005}
}

@article{vsilhavy2008divergence,
  title={Divergence measure vectorfields: Their structure and the divergence theorem},
  author={{\v{S}}ilhav{\'y}, Miroslav},
  journal={Mathematical Modelling of Bodies with Complicated Bulk and Boundary Behavior, Quad. Mat},
  volume={20},
  pages={217--237},
  year={2008}
}

@article{vsilhavy2009divergence,
  title={The divergence theorem for divergence measure vectorfields on sets with fractal boundaries},
  author={{\v{S}}ilhav{\'y}, Miroslav},
  journal={Mathematics and Mechanics of Solids},
  volume={14},
  number={5},
  pages={445--455},
  year={2009},
  publisher={Sage Publications Sage UK: London, England}
}





@book {SteinICM1977,
   AUTHOR = {Stein, Elias M.},
        TITLE = {Some problems in harmonic analysis suggested by symmetric spaces and semi-simple groups},
     SERIES = {ICM Series},
        NOTE = {Actes du {C}ongr\`es International des Math\'ematiciens, Nice, France, 1970},
PUBLISHER = {Gauthier-Villars},
         YEAR = {1971},
     PAGES = {173--189},   
    VOLUME={1},
}



@Article{Anzellotti_1983,
  author    = {Anzellotti, Gabriele},
  title     = {Pairings between measures and bounded functions and compensated compactness},
  journal   = {Annali di Matematica Pura ed Applicata},
  year      = {1983},
  volume    = {135},
  number    = {1},
  pages     = {293--318},
  month     = {dec},
  doi       = {10.1007/bf01781073},
  publisher = {Springer Nature},
}



@article{Anzellotti1983Preprint,
  author    = {Anzellotti, Gabriele},
  title     = {Traces of bounded vector-fields and the divergence theorem},
  year     = {1983},
  note={unpublished preprint}
}

@article{comi2018bmo,
  title={${BMO}$-type norms and anisotropic surface measures},
  author={Comi, Giovanni E.},
  journal={Rendiconti Lincei-Matematica e Applicazioni},
  volume={29},
  number={3},
  pages={431--437},
  year={2018}
}

@article{comi2017locally,
  title={On locally essentially bounded divergence measure fields and sets of locally finite perimeter},
  author={Comi, Giovanni E. and Payne, Kevin R.},
  journal={Advances in Calculus of Variations},
  year={2017},
  doi = {10.1515/acv-2017-0001},
  publisher = {De Gruyter},
}

@article{comi2017one,
  title={One-sided approximation of sets of finite perimeter},
  author={Comi, Giovanni E. and Torres, Monica},
  journal={Atti Accad. Naz. Lincei Rend. Lincei Mat. Appl},
  volume={28},
  pages={181--190},
  year={2017}
}

@article{comi2019distributional,
  title={A distributional approach to fractional {S}obolev spaces and fractional variation: existence of blow-up},
  author={Comi, Giovanni E. and Stefani, Giorgio},
  journal={Journal of Functional Analysis},
  volume = {277},
number = {10},
pages = {3373--3435},
  year={2019},
  publisher={Elsevier}
}


@article{crasta2017anzellotti,
  title={Anzellotti's pairing theory and the {G}auss--{G}reen theorem},
  author={Crasta, Graziano and De Cicco, Virginia},
  journal = {Advances in Mathematics},
  volume = {343},
  pages = {935 - 970},
  year={2019}
}


@article{crasta2017pairing,
  title={An extension of the pairing theory between divergence-measure fields and ${BV}$ functions},
  author={Crasta, Graziano and De Cicco, Virginia},
  journal = {Journal of Functional Analysis},
  volume = {276},
  number = {8},
  pages = {2605 - 2635},
  year = {2019}
}


@article{crasta2019pairings,
  title={Pairings between bounded divergence-measure vector fields and ${BV}$ functions},
  author={Crasta, Graziano and De Cicco, Virginia and Malusa, Annalisa},
  journal={arXiv preprint arXiv:1902.06052},
  year={2019}
}


@article{leonardi2017rigidity,
  title={Rigidity and trace properties of divergence-measure vector fields},
  author={Leonardi, Gian Paolo and Saracco, Giorgio},
  journal={arXiv preprint arXiv:1708.01393},
  year={2017}
}

@Article{BASCVMinSurf2007,
  author    = {Barone Adesi, Vittorio and Serra Cassano, Francesco and Vittone, Davide},
  title     = {The {B}ernstein problem for intrinsic graphs in {H}eisenberg groups and calibrations},
  journal   = {Calculus of Variations and Partial Differential Equations},
  year      = {2007},
  volume    = {30},
  number    = {1},
  pages     = {17--49},
  month     = {jan},
  doi       = {10.1007/s00526-006-0076-3},
  publisher = {Springer Nature},
}


@article {SCVit2014GraphsBV,
    AUTHOR = {Serra Cassano, Francesco and Vittone, Davide},
     TITLE = {Graphs of bounded variation, existence and local boundedness
              of non-parametric minimal surfaces in {H}eisenberg groups},
   JOURNAL = {Adv. Calc. Var.},
  FJOURNAL = {Advances in Calculus of Variations},
    VOLUME = {7},
      YEAR = {2014},
    NUMBER = {4},
     PAGES = {409--492},
      ISSN = {1864-8258},
   MRCLASS = {49Q05 (49Q15 53C17)},
  MRNUMBER = {3276118},
       DOI = {10.1515/acv-2013-0105},
       URL = {https://doi.org/10.1515/acv-2013-0105},
}
	

@article {LeDR2017Besicovitch,
    AUTHOR = {Le Donne, Enrico and Rigot, S\'everine},
     TITLE = {Besicovitch covering property for homogeneous distances on the
              {H}eisenberg groups},
   JOURNAL = {J. Eur. Math. Soc. (JEMS)},
  FJOURNAL = {Journal of the European Mathematical Society (JEMS)},
    VOLUME = {19},
      YEAR = {2017},
    NUMBER = {5},
     PAGES = {1589--1617},
      ISSN = {1435-9855},
   MRCLASS = {28C15 (43A80 49Q15)},
  MRNUMBER = {3635362},
       DOI = {10.4171/JEMS/701},
       URL = {https://doi.org/10.4171/JEMS/701},
}

@article{jordan1881series,
  title={Sur la s\'eries de {F}ourier},
  author={Jordan, Camille},
  journal={C. R. Acad. Sci., Paris},
  volume={92},
  pages={228--230},
  year={1881}
}

@article{fichera1954lezioni,
  title={Lezioni sulle trasformazioni lineari, vol. I},
  author={Fichera, Gaetano},
  journal={Istituto matematico dell'Universit{\`a} di Trieste},
  year={1954}
}


@article {GarRuzSur2017,
    AUTHOR = {Garofalo, Nicola and Ruzhansky, Michael and Suragan,
              Durvudkhan},
     TITLE = {On {G}reen functions for {D}irichlet sub-{L}aplacians on
              {$H$}-type groups},
   JOURNAL = {J. Math. Anal. Appl.},
  FJOURNAL = {Journal of Mathematical Analysis and Applications},
    VOLUME = {452},
      YEAR = {2017},
    NUMBER = {2},
     PAGES = {896--905},
      ISSN = {0022-247X},
   MRCLASS = {35H20 (35A08 35R03)},
  MRNUMBER = {3632681},
MRREVIEWER = {Maria Manfredini},
       DOI = {10.1016/j.jmaa.2017.03.031},
       URL = {https://doi.org/10.1016/j.jmaa.2017.03.031},
}


@Article{Lu_2004,
  author    = {Lu, Guo Zhen},
  title     = {Potential Analysis on {C}arnot Groups, {P}art {II}: Relationship between {H}ausdorff Measures and Capacities},
  journal   = {Acta Mathematica Sinica, English Series},
  year      = {2004},
  volume    = {20},
  number    = {1},
  pages     = {25--46},
  month     = {jan},
  doi       = {10.1007/s10114-003-0297-8},
  publisher = {Springer Nature},
}

@Article{Hakkarainen_2011,
  author    = {Hakkarainen, Heikki and Shanmugalingam, Nageswari},
  title     = {Comparisons of relative ${BV}$-capacities and {S}obolev capacity in metric spaces},
  journal   = {Nonlinear Analysis: Theory, Methods {\&} Applications},
  year      = {2011},
  volume    = {74},
  number    = {16},
  pages     = {5525--5543},
  month     = {nov},
  doi       = {10.1016/j.na.2011.05.036},
  publisher = {Elsevier {BV}},
}


@article{nguyen2011gamma,
  title={{$\Gamma$}-convergence, {S}obolev norms, and ${BV}$ functions},
  author={Nguyen, Hoai-Minh},
  journal={Duke Mathematical Journal},
  volume={157},
  number={3},
  pages={495--533},
  year={2011},
  publisher={Duke University Press}
}


@article {Pfeffer1991GG,
    AUTHOR = {Pfeffer, Washek F.},
     TITLE = {The {G}auss-{G}reen theorem},
   JOURNAL = {Adv. Math.},
  FJOURNAL = {Advances in Mathematics},
    VOLUME = {87},
      YEAR = {1991},
    NUMBER = {1},
     PAGES = {93--147},
      ISSN = {0001-8708},
   MRCLASS = {26B20},
  MRNUMBER = {1102966},
MRREVIEWER = {J. Ma\v r\'\i k},
       DOI = {10.1016/0001-8708(91)90063-D},
       URL = {https://doi.org/10.1016/0001-8708(91)90063-D},
}

@article {PT,
    AUTHOR = {Phuc, Nguyen Cong and Torres, Monica},
     TITLE = {Characterizations of the existence and removable singularities
              of divergence-measure vector fields},
   JOURNAL = {Indiana Univ. Math. J.},
  FJOURNAL = {Indiana University Mathematics Journal},
    VOLUME = {57},
      YEAR = {2008},
    NUMBER = {4},
     PAGES = {1573--1597},
      ISSN = {0022-2518},
   MRCLASS = {35F05 (35B60 35L65 35R05)},
  MRNUMBER = {2440874},
MRREVIEWER = {Hidetoshi Tahara},
       DOI = {10.1512/iumj.2008.57.3312},
       URL = {https://doi.org/10.1512/iumj.2008.57.3312},
}



@article{leonardi2018prescribed,
  title={The prescribed mean curvature equation in weakly regular domains},
  author={Leonardi, Gian Paolo and Saracco, Giorgio},
  journal={Nonlinear Differential Equations and Applications NoDEA},
  volume={25},
  number={2},
  pages={9},
  year={2018},
  publisher={Springer}
}

@article {LyonsYamGG2006,
    AUTHOR = {Lyons, Terry J. and Yam, Phillip S. C.},
     TITLE = {On {G}auss--{G}reen theorem and boundaries of a class of
              {H}\"older domains},
   JOURNAL = {J. Math. Pures Appl. (9)},
  FJOURNAL = {Journal de Math\'ematiques Pures et Appliqu\'ees. Neuvi\`eme S\'erie},
    VOLUME = {85},
      YEAR = {2006},
    NUMBER = {1},
     PAGES = {38--53},
      ISSN = {0021-7824},
   MRCLASS = {26B20},
  MRNUMBER = {2200590},
MRREVIEWER = {Tuo-Yeong Lee},
       DOI = {10.1016/j.matpur.2005.10.005},
       URL = {https://doi.org/10.1016/j.matpur.2005.10.005},
}

@article{kawohl2007dirichlet,
  title={Dirichlet problems for the 1-{L}aplace operator, including the eigenvalue problem},
  author={Kawohl, Bernd and Schuricht, Friedemann},
  journal={Communications in Contemporary Mathematics},
  volume={9},
  number={04},
  pages={515--543},
  year={2007},
  publisher={World Scientific}
}

@PhDthesis{van2015discrete,
  title={Discrete-to-continuum limits of interacting dislocations},
  author={van Meurs, Patrick},
  year={2015},
  school={Technische Universiteit Eindhoven}
}

@article{groma1999investigation,
  title={Investigation of dislocation pattern formation in a two-dimensional self-consistent field approximation},
  author={Groma, Istv\'an and Balogh, P\'eter},
  journal={Acta Materialia},
  volume={47},
  number={13},
  pages={3647--3654},
  year={1999},
  publisher={Elsevier}
}

@article{scheven2017anzellotti,
  title={An {A}nzellotti type pairing for divergence-measure fields and a notion of weakly super-$1$-harmonic functions},
  author={Scheven, Christoph and Schmidt, Thomas},
  journal={arXiv preprint arXiv:1701.02656},
  year={2017}
}

@inproceedings{scheven2017dual,
  title={On the dual formulation of obstacle problems for the total variation and the area functional},
  author={Scheven, Christoph and Schmidt, Thomas},
  booktitle={Annales de l'Institut Henri Poincare (C) Non Linear Analysis},
  year={2017},
  organization={Elsevier}
}

@article{scheven2016bv,
  title={${BV}$ supersolutions to equations of 1-{L}aplace and minimal surface type},
  author={Scheven, Christoph and Schmidt, Thomas},
  journal={Journal of Differential Equations},
  volume={261},
  number={3},
  pages={1904--1932},
  year={2016},
  publisher={Elsevier}
}

@article{szpiro2003kepler,
  title={Kepler’s conjecture},
  author={Szpiro, George G.},
  journal={Hoboken: Wiley},
  year={2003}
}



@article {RuzSur2017,
    AUTHOR = {Ruzhansky, Michael and Suragan, Durvudkhan},
     TITLE = {Layer potentials, {K}ac's problem, and refined {H}ardy
              inequality on homogeneous {C}arnot groups},
   JOURNAL = {Adv. Math.},
  FJOURNAL = {Advances in Mathematics},
    VOLUME = {308},
      YEAR = {2017},
     PAGES = {483--528},
      ISSN = {0001-8708},
   MRCLASS = {35R03 (35S15)},
  MRNUMBER = {3600064},
MRREVIEWER = {Elmar Schrohe},
       DOI = {10.1016/j.aim.2016.12.013},
       URL = {https://doi.org/10.1016/j.aim.2016.12.013},
}
		

@Book{Stein1970SingInt,
	AUTHOR = {Stein, Elias M.},
	TITLE = {Singular integrals and differentiability properties of functions},
	SERIES = {Princeton Mathematical Series},
	PUBLISHER = {Princeton University Press},
	ADDRESS = {Princeton, NJ},
	VOLUME={30},
	PAGES = {xiv+290},
	YEAR = {1970}
}


@Book{Stein93HarmAnalysis,
	AUTHOR = {Stein, Elias M.},
	TITLE = {Harmonic analysis: real-variable methods, orthogonality, and oscillatory integrals},
	SERIES = {Princeton Mathematical Series},
	PUBLISHER = {Princeton University Press},
	ADDRESS = {Princeton, NJ},
	YEAR = {1993},
	VOLUME={43}
}

@book{thue1910dichteste,
  title={{\"U}ber die dichteste {Z}usammenstellung von kongruenten {K}reisen in einer {E}bene},
  author={Thue, Axel},
  year={1910},
  publisher={J. Dybwad}
}

@article{viazovska2017sphere,
  title={The sphere packing problem in dimension 8},
  author={Viazovska, Maryna S.},
  journal={Annals of Mathematics},
  pages={991--1015},
  year={2017},
  publisher={JSTOR}
}

@article {Vittone2012,
    AUTHOR = {Vittone, Davide},
     TITLE = {Lipschitz surfaces, perimeter and trace theorems for ${BV}$ functions in {C}arnot-{C}arath\'eodory spaces},
   JOURNAL = {Ann. Sc. Norm. Super. Pisa Cl. Sci. (5)},
  FJOURNAL = {Annali della Scuola Normale Superiore di Pisa. Classe di
              Scienze. Serie V},
    VOLUME = {11},
      YEAR = {2012},
    NUMBER = {4},
     PAGES = {939--998},
      ISSN = {0391-173X},
   MRCLASS = {53C17 (26B30 46E35)},
  MRNUMBER = {3060706},
MRREVIEWER = {Beno\^\i t Kloeckner},
}

@article{vol1967spaces,
  title={The spaces ${BV}$ and quasilinear equations},
  author={Vol'pert, Aizik Isaakovich},
  journal={Matematicheskii Sbornik},
  volume={115},
  number={2},
  pages={255--302},
  year={1967},
  publisher={Russian Academy of Sciences, Steklov Mathematical Institute of Russian Academy of Sciences}
}

@book{volpert1975analysis,
  title={Analysis in classes of discontinuous functions and the equations of mathematical physics},
  author={Vol'pert, Aizik Isaakovich and Hudjaev, Sergei Ivanovich},
  publisher={Moscow Izdatel Nauka},
  year={1975}
}

@book{ziemer2012weakly,
  title={Weakly differentiable functions: {S}obolev spaces and functions of bounded variation},
  author={Ziemer, William P.},
  volume={120},
  year={2012},
  publisher={Springer Science \& Business Media}
}

@article{ZustFractBV-pr2018,
author = {Z\"ust, Roger},
title = {Functions of bounded fractional variation and fractal currents},
journal={Geometric and Functional Analysis},
volume={29},
number={4},
year={2019}
}

@Book{Adams1975,
  title           = {{Sobolev spaces}},
  year            = {1975},
  author          = {Adams, R. A.},
  publisher= {Academic press}
}

@inproceedings{AMS,
  title={Gradient flow of the {C}hapman--{R}ubinstein--{S}chatzman model for signed vortices},
  author={Ambrosio, Luigi and Mainini, Edoardo and Serfaty, Sylvia},
  booktitle={Annales de l'Institut Henri Poincare (C) Non Linear Analysis},
  volume={14},
  number={4},
  pages={527--561},
  year={2005}
}

@article{ambrosio2007necessary,
  title={Necessary optimality conditions for geodesics in weighted Wasserstein spaces},
  author={Ambrosio, Luigi and Santambrogio, Filippo},
  journal={Rendiconti Lincei-Matematica e Applicazioni},
  volume={18},
  number={1},
  pages={23--37},
  year={2007}
}

@book{ambrosio2008gradient,
  title={Gradient flows: in metric spaces and in the space of probability measures},
  author={Ambrosio, Luigi and Gigli, Nicola and Savar{\'e}, Giuseppe},
  year={2008},
  publisher={Springer Science \& Business Media}
}

@article{AS,
title = {{A gradient flow approach to an evolution problem arising in superconductivity}},
author = {Ambrosio, Luigi and Serfaty, Sylvia},
doi = {10.1002/cpa.20223},
issn = {00103640},
journal = {Communications on Pure and Applied Mathematics},
number = {11},
pages = {1495--1539},
volume = {61},
year = {2008}
}

@Book{bennett1988interpolation,
  title     = {Interpolation of operators},
  publisher = {Academic press},
  year      = {1988},
  author    = {Bennett, Colin and Sharpley, Robert C.},
  volume    = {129},
}

@article{Bogelein2016,
author = {B{\"{o}}gelein, Verena and Duzaar, Frank and Marcellini, Paolo and Scheven, Christoph},
keywords = {and phrases,doubly nonlinear equation,existence,minimizing,porous medium equation},
number = {0},
pages = {1--24},
title = {{Doubly nonlinear equations of porous medium type: existence via minimizing movements ¨}},
year = {2016}
}

@Article{Cannone_2009,
  author    = {Marco Cannone and Ahmad El Hajj and R{\'{e}}gis Monneau and Francis Ribaud},
  title     = {Global Existence for a System of Non-Linear and Non-Local Transport Equations Describing the Dynamics of Dislocation Densities},
  journal   = {Archive for Rational Mechanics and Analysis},
  year      = {2009},
  volume    = {196},
  number    = {1},
  pages     = {71--96},
  month     = {apr},
  doi       = {10.1007/s00205-009-0235-8},
  publisher = {Springer Nature},
}

@article{jordan1998variational,
  title={The variational formulation of the {F}okker--{P}lanck equation},
  author={Jordan, Richard and Kinderlehrer, David and Otto, Felix},
  journal={SIAM journal on mathematical analysis},
  volume={29},
  number={1},
  pages={1--17},
  year={1998},
  publisher={SIAM}
}

@book{leoni2017first,
  title={A first course in Sobolev spaces},
  author={Leoni, Giovanni},
  year={2017},
  publisher={American Mathematical Soc.}
}

@Article{Liero_2016,
  author    = {Matthias Liero and Alexander Mielke and Giuseppe Savar{\'{e}}},
  title     = {Optimal Transport in Competition with Reaction: The {H}ellinger--{K}antorovich Distance and Geodesic Curves},
  journal   = {{SIAM} Journal on Mathematical Analysis},
  year      = {2016},
  volume    = {48},
  number    = {4},
  pages     = {2869--2911},
  month     = {jan},
  doi       = {10.1137/15m1041420},
  publisher = {Society for Industrial {\&} Applied Mathematics ({SIAM})},
}

@article{mainini2012description,
  title={A description of transport cost for signed measures},
  author={Mainini, Edoardo},
  journal={Journal of Mathematical Sciences},
  volume={181},
  number={6},
  pages={837--855},
  year={2012},
  publisher={Springer}
}

@article{Mainini2012,
author = {Mainini, Edoardo},
doi = {10.1007/s00030-011-0121-6},
issn = {10219722},
journal = {Nonlinear Differential Equations and Applications},
keywords = {Hydrodynamic equations,Optimal transportation,Superconductivity,Vortex degree,Vortex density,Wasserstein distance},
number = {2},
pages = {133--158},
title = {{Well-posedness for a mean field model of {G}inzburg-{L}andau vortices with opposite degrees}},
volume = {19},
year = {2012}
}

@article{garroni2016boundary,
  title={Boundary-layer analysis of a pile-up of walls of edge dislocations at a lock},
  author={Garroni, Adriana and van Meurs, Patrick and Peletier, Mark A. and Scardia, Lucia},
  journal={Mathematical Models and Methods in Applied Sciences},
  volume={26},
  number={14},
  pages={2735--2768},
  year={2016},
  publisher={World Scientific}
}

@article{garroni2018convergence,
  title={Convergence and non-convergence of many-particle evolutions with multiple signs},
  author={Garroni, Adriana and van Meurs, Patrick and Peletier, Mark A. and Scardia, Lucia},
  journal={Archive for Rational Mechanics and Analysis},
  year={2019}
}

@article{groma1997link,
  title={Link between the microscopic and mesoscopic length-scale description of the collective behavior of dislocations},
  author={Groma, Istv\'an},
  journal={Physical Review B},
  volume={56},
  number={10},
  pages={5807},
  year={1997},
  publisher={APS}
}

@article{liero2018optimal,
  title={Optimal entropy-transport problems and a new Hellinger--Kantorovich distance between positive measures},
  author={Liero, Matthias and Mielke, Alexander and Savar{\'e}, Giuseppe},
  journal={Inventiones mathematicae},
  volume={211},
  number={3},
  pages={969--1117},
  year={2018},
  publisher={Springer}
}

@article{Mielke_2011,
  author    = {Alexander Mielke},
  title     = {A gradient structure for reaction{\textendash}diffusion systems and for energy-drift-diffusion systems},
  journal   = {Nonlinearity},
  year      = {2011},
  volume    = {24},
  number    = {4},
  pages     = {1329--1346},
  month     = {mar},
  doi       = {10.1088/0951-7715/24/4/016},
  publisher = {{IOP} Publishing},
}

@article{Serfaty2014,
archivePrefix = {arXiv},
arxivId = {arXiv:1205.6322v2},
author = {Serfaty, Sylvia and Vazquez, Juan Luis},
doi = {10.1007/s00526-013-0613-9},
eprint = {arXiv:1205.6322v2},
file = {:C$\backslash$:/Users/Ritainn/Documents/Files Giovanni/Ricerca Peletier Eindhoven/Serfaty{\_}Vazques.pdf:pdf},
issn = {09442669},
journal = {Calculus of Variations and Partial Differential Equations},
number = {3-4},
pages = {1091--1120},
title = {{A mean field equation as limit of nonlinear diffusions with fractional {L}aplacian operators}},
volume = {49},
year = {2014}
}

@article{chapman1996mean,
  title={A mean-field model of superconducting vortices},
  author={Chapman, Stephen J. and Rubinstein, Jacob and Schatzman, Michelle},
  journal={European Journal of Applied Mathematics},
  volume={7},
  number={2},
  pages={97--111},
  year={1996},
  publisher={Cambridge University Press}
}

@article{weinan1994dynamics,
  title={Dynamics of vortex liquids in {G}inzburg-{L}andau theories with applications to superconductivity},
  author={E, Weinan},
  journal={Physical Review B},
  volume={50},
  number={2},
  pages={1126},
  year={1994},
  publisher={APS}
}

@article{simon1986compact,
  title={Compact sets in the space ${L}^{p}(0, {T}; {B})$},
  author={Simon, Jacques},
  journal={Annali di Matematica pura ed applicata},
  volume={146},
  number={1},
  pages={65--96},
  year={1986},
  publisher={Springer}
}

@Article{trudinger1967imbeddings,
  author  = {Trudinger, Neil S},
  title   = {On imbeddings into {O}rlicz spaces and some applications},
  journal = {J. Math. Mech},
  year    = {1967},
  volume  = {17},
  number  = {5},
  pages   = {473--483},
}




@Comment{jabref-meta: databaseType:bibtex;}